@misc{wiki:stevejobs,
       author 	= "Wikipedia",
       title 	= "Steve Jobs --- Wikipedia{,} La enciclopedia libre",
       year 	= "2019",
       url 	= "\url{https://es.wikipedia.org/w/index.php?title=Steve_Jobs&oldid=115680106}",
       note 	= "[Internet; descargado 4-mayo-2019]"
}

@book{isaacson2011steve,
  title		={Steve Jobs},
  author	={Isaacson, W.},
  isbn		={9788499921327},
  series	={HISTORIAS},
  url		={https://books.google.com.pe/books?id=ZNf9gNsA72MC},
  year		={2011},
  publisher	={Penguin Random House Grupo Editorial Espa{\~n}a}
}
